<record><leader>00000cas a22000007a 4500</leader><controlfield tag="001">28487405</controlfield><controlfield tag="008">930722d19201921okuwr ne      0    0eng d</controlfield><controlfield tag="009">15907</controlfield><datafield ind1=" " ind2=" " tag="010"><subfield code="a">sn 93066118 </subfield></datafield><datafield ind1=" " ind2=" " tag="040"><subfield code="a">OBN</subfield><subfield code="b">eng</subfield><subfield code="c">OBN</subfield><subfield code="d">OCL</subfield><subfield code="d">OCLCQ</subfield></datafield><datafield ind1="1" ind2=" " tag="029"><subfield code="a">AU@</subfield><subfield code="b">000025885734</subfield></datafield><datafield ind1=" " ind2=" " tag="042"><subfield code="a">msc</subfield></datafield><datafield ind1="0" ind2="4" tag="245"><subfield code="a">The Antlers American-news-record.</subfield></datafield><datafield ind1="3" ind2="0" tag="246"><subfield code="a">Antlers American news record</subfield></datafield><datafield ind1=" " ind2=" " tag="260"><subfield code="a">Antlers, Pushmataha County, Okla. :</subfield><subfield code="b">[s.n.]</subfield></datafield><datafield ind1=" " ind2=" " tag="300"><subfield code="a">v.</subfield></datafield><datafield ind1=" " ind2=" " tag="310"><subfield code="a">Weekly</subfield></datafield><datafield ind1="0" ind2=" " tag="362"><subfield code="a">Vol. 9, no. 46 (Jan. 22, 1920)-v. 10, no. 40 (Dec. 15, 1921).</subfield></datafield><datafield ind1=" " ind2="4" tag="651"><subfield code="a">Antlers (Okla.)</subfield><subfield code="v">Newspapers.</subfield></datafield><datafield ind1=" " ind2="4" tag="651"><subfield code="a">Pushmataha County (Okla.)</subfield><subfield code="v">Newspapers.</subfield></datafield><datafield ind1=" " ind2=" " tag="752"><subfield code="a">United States</subfield><subfield code="b">Oklahoma</subfield><subfield code="c">Pushmataha</subfield><subfield code="d">Antlers.</subfield></datafield><datafield ind1="0" ind2="4" tag="780"><subfield code="t">Antlers news-record</subfield><subfield code="w">(DLC)sn 93066120</subfield><subfield code="w">(OCoLC)28487777</subfield></datafield><datafield ind1="0" ind2="4" tag="780"><subfield code="t">Antlers American (Antlers, Okla. : 1910)</subfield><subfield code="w">(DLC)sn  86063904</subfield><subfield code="w">(OCoLC)13645945</subfield></datafield><datafield ind1="0" ind2="0" tag="785"><subfield code="t">Antlers American (Antlers, Okla. : 1921)</subfield><subfield code="w">(DLC)sn 93066119</subfield><subfield code="w">(OCoLC)28487515</subfield></datafield></record>